@article{Munk1950,
annote = {},
author = {Munk, Walter H.},
journal = {Journal of Meteorology},
number = {2},
pages = {79--93},
title = {{On the wind-driven ocean circulation}},
url = {http://www.awi.de/fileadmin/user\_upload/Research/Research\_Divisions/Climate\_Sciences/Paleoclimate\_Dynamics/Modelling/Lessons/DynamicsII/Munk-wind\_1950.pdf},
volume = {7},
year = {1950}
}
